@book{man:sposi,
	author = {Alessando Manzoni},
	title = {I promessi sposi},
	date = {1842},
	location = {Milano},
}

@article{corriere:giornale,
	author = {Vincenzo Scagliarini},
	title = {I 13 programmatori pi√π famosi},
	journaltitle = {Corriere della Sera},
	date = {2015},
	url = {https://www.corriere.it/tecnologia/cyber-cultura/cards/da-linus-torvalds-mark-zuckerberg-13-programmatori-piu-famosi/non-sono-rock-star_principale.shtml},
}

@online{tube:canale,
	author = {Programmazione Time},
	date = {2016},
	url = {https://www.youtube.com/c/programmazionetimeofficial},
	sortkey = {tube},
	label = {tube},
}